<?xml version="1.0" encoding="utf-8"?>
<record xmlns="http://www.loc.gov/MARC21/slim" xmlns:xsi="http://www.w3.org/2001/XMLSchema-instance" xsi:schemaLocation="http://www.loc.gov/MARC21/slim http://www.loc.gov/standards/marcxml/schema/MARC21slim.xsd">
	<leader>     nam a22        4500</leader>
	<controlfield tag="001">b12323457</controlfield>
	<controlfield tag="003">LeBAU</controlfield>
	<controlfield tag="006">m        d        </controlfield>
	<controlfield tag="007">cr cn |||m|||a</controlfield>
	<controlfield tag="008">170516s1921    ua ac   o     ||0 0 ara d</controlfield>
	<datafield ind1=" " ind2=" " tag="040">
		<subfield code="a">NNU</subfield>
		<subfield code="b">ara</subfield>
		<subfield code="e">rda</subfield>
		<subfield code="c">NNU</subfield>
	</datafield>
	<datafield ind1=" " ind2="4" tag="050">
		<subfield code="a">BJ1291</subfield>
		<subfield code="b">.K545  1921</subfield>
	</datafield>
	<datafield ind1="0" ind2="4" tag="082">
		<subfield code="a">170</subfield>
		<subfield code="2">22</subfield>
	</datafield>
	<datafield ind1="0" ind2=" " tag="100">
		<subfield code="6">880-01</subfield>
		<subfield code="a">Khazʻal Khān,</subfield>
		<subfield code="c">Amīr of Muḥammarah,</subfield>
		<subfield code="d">-1936,</subfield>
		<subfield code="e">author.</subfield>
	</datafield>
	<datafield ind1="1" ind2="0" tag="245">
		<subfield code="6">880-02</subfield>
		<subfield code="a">al-Riyāḍ al-Khazʻalīyah fī al-siyāsah al-insānīyah, aw afḍal khaṭṭat qalam fī al-akhlāq wa-al-ḥikam /</subfield>
		<subfield code="c">ta’līf... mu‘izz al-ṣalṭanah samardār aqdas ṣāḥib al-‘aẓamah al-Shaykh Khaz‘al Khān Amīr Nūyān wa-Saradār ‘Arabstān ; waqafa ‘alá ṭab‘ihi wa-‘allaqa ḥawāshīh ‘abduh wa-mamlūkuh ‘Abd al-Masīḥ Anṭākī Bik, ṣāḥib Jarīdat al-‘Umrān bi-Miṣr.</subfield>
	</datafield>
	<datafield ind1="3" ind2="0" tag="246">
		<subfield code="6">880-03</subfield>
		<subfield code="a">afḍal khaṭṭat qalam fī al-akhlāq wa-al-ḥikam</subfield>
	</datafield>
	<datafield ind1=" " ind2=" " tag="250">
		<subfield code="6">880-04</subfield>
		<subfield code="a">al-Ṭab‘ah al-Thālithah.</subfield>
	</datafield>
	<datafield ind1=" " ind2="1" tag="264">
		<subfield code="6">880-05</subfield>
		<subfield code="a">Miṣr :</subfield>
		<subfield code="b">Maṭbaʻat al-‘Umrān,</subfield>
		<subfield code="c">1330 [H.], [1911? M.]</subfield>
	</datafield>
	<datafield ind1=" " ind2=" " tag="300">
		<subfield code="6">880-06</subfield>
		<subfield code="a">online resource (1 volume (384 pages)) :</subfield>
		<subfield code="b">illustrations, portraits</subfield>
	</datafield>
	<datafield ind1=" " ind2=" " tag="336">
		<subfield code="a">text</subfield>
		<subfield code="2">rdacontent</subfield>
	</datafield>
	<datafield ind1=" " ind2=" " tag="337">
		<subfield code="a">computer</subfield>
		<subfield code="2">rdamedia</subfield>
	</datafield>
	<datafield ind1=" " ind2=" " tag="338">
		<subfield code="a">online resource</subfield>
		<subfield code="2">rdacarrier</subfield>
	</datafield>
	<datafield ind1=" " ind2=" " tag="500">
		<subfield code="a">Part of the Arabic Collections Online (ACO) project, contributed by American University of Beirut's Jafet Memorial Library.</subfield>
	</datafield>
	<datafield ind1=" " ind2=" " tag="533">
		<subfield code="a">Electronic reproduction.</subfield>
		<subfield code="b">New York, N.Y. :</subfield>
		<subfield code="c">New York University,</subfield>
		<subfield code="d">2017.</subfield>
		<subfield code="5">NNU</subfield>
	</datafield>
	<datafield ind1=" " ind2="0" tag="650">
		<subfield code="6">880-07</subfield>
		<subfield code="a">Ethics</subfield>
		<subfield code="x">Philosophy.</subfield>
	</datafield>
	<datafield ind1=" " ind2="0" tag="650">
		<subfield code="6">880-08</subfield>
		<subfield code="a">Self (Philosophy)</subfield>
	</datafield>
	<datafield ind1=" " ind2="0" tag="650">
		<subfield code="6">880-09</subfield>
		<subfield code="a">Islamic philosophy.</subfield>
	</datafield>
	<datafield ind1=" " ind2="0" tag="650">
		<subfield code="6">880-10</subfield>
		<subfield code="a">Islamic ethics.</subfield>
	</datafield>
	<datafield ind1=" " ind2="0" tag="650">
		<subfield code="6">880-11</subfield>
		<subfield code="a">Self (Philosophy)</subfield>
		<subfield code="x">Religious aspects</subfield>
		<subfield code="x">Islam.</subfield>
	</datafield>
	<datafield ind1=" " ind2="0" tag="650">
		<subfield code="6">880-12</subfield>
		<subfield code="a">Human beings</subfield>
		<subfield code="x">Philosophy.</subfield>
	</datafield>
	<datafield ind1="1" ind2=" " tag="700">
		<subfield code="6">880-13</subfield>
		<subfield code="a">Anṭākī, ʻAbd al-Masīḥ,</subfield>
		<subfield code="e">compiler.</subfield>
	</datafield>
	<datafield ind1="2" ind2=" " tag="710">
		<subfield code="a">Jafet Memorial Library.</subfield>
	</datafield>
	<datafield ind1="0" ind2=" " tag="730">
		<subfield code="a">Arabic Collections Online.</subfield>
	</datafield>
	<datafield ind1="0" ind2=" " tag="775">
		<subfield code="6">880-14</subfield>
		<subfield code="t">al-Riyāḍ al-Khazʻalīyah fī al-siyāsah al-insānīyah.</subfield>
		<subfield code="b">al-Ṭab‘ah al-ūlá</subfield>
		<subfield code="d">Bayrūt : al-Dār al-‘Arabīyah lil-Mawsū‘āt, 2013</subfield>
		<subfield code="w">b17670482</subfield>
	</datafield>
	<datafield ind1="0" ind2="8" tag="776">
		<subfield code="i">Print version:</subfield>
		<subfield code="a">Khazʻal Khān, Amīr of Muḥammarah, -1936, author.</subfield>
		<subfield code="t">al-Riyāḍ al-Khazʻalīyah fī al-siyāsah al-insānīyah, aw afḍal khaṭṭat qalam fī al-akhlāq wa-al-ḥikam</subfield>
		<subfield code="w">(LeBAU)b12323457</subfield>
	</datafield>
	<datafield ind1="4" ind2="0" tag="856">
		<subfield code="u">http://hdl.handle.net/2333.1/tmpg4kt2</subfield>
	</datafield>
	<datafield ind1="0" ind2=" " tag="880">
		<subfield code="6">100-01/r</subfield>
		<subfield code="a">خزعل خان،</subfield>
		<subfield code="c">امير المحمرة،</subfield>
		<subfield code="d">-1936،</subfield>
		<subfield code="e">مؤلف.</subfield>
		<subfield code="4">aut.</subfield>
	</datafield>
	<datafield ind1="1" ind2="0" tag="880">
		<subfield code="6">245-02/r</subfield>
		<subfield code="a">الرياض الخزعلية في السياسة الإنسانية، أو، أفضل خطة قلم في الأخلاق و الحكم /</subfield>
		<subfield code="c">تأليف... معز السلطنة سمردار أقدس صاحب العظمة الشيخ خزعل خان أمير نويان وسردار عربستان ؛ وقف على طبعه وعلق حواشيه عبده ومملوكه عبد المسيح انطاكي بك، صاحب جريدة العمران بمصر.</subfield>
	</datafield>
	<datafield ind1="3" ind2="0" tag="880">
		<subfield code="6">246-03/r</subfield>
		<subfield code="a">أفضل خطة قلم في الأخلاق والحكم</subfield>
	</datafield>
	<datafield ind1=" " ind2=" " tag="880">
		<subfield code="6">250-04/r</subfield>
		<subfield code="a">الطبعة الثالثة.</subfield>
	</datafield>
	<datafield ind1=" " ind2="1" tag="880">
		<subfield code="6">264-05/r</subfield>
		<subfield code="a">مصر :</subfield>
		<subfield code="b">مطبعة العمران،</subfield>
		<subfield code="c">1330 [هـ.]، [1911؟ م.]</subfield>
	</datafield>
	<datafield ind1=" " ind2=" " tag="880">
		<subfield code="6">300-06/r</subfield>
		<subfield code="a">1 مجلد (384 صفحة) :</subfield>
		<subfield code="b">مصورات، صور شخصانية ؛</subfield>
		<subfield code="c">24 سم</subfield>
	</datafield>
	<datafield ind1=" " ind2=" " tag="880">
		<subfield code="6">590-00/r</subfield>
		<subfield code="a">في المكتبة: الجزء 1.</subfield>
	</datafield>
	<datafield ind1=" " ind2="4" tag="880">
		<subfield code="6">650-07/r</subfield>
		<subfield code="a">الأخلاق</subfield>
		<subfield code="x">فلسفة.</subfield>
	</datafield>
	<datafield ind1=" " ind2="4" tag="880">
		<subfield code="6">650-08/r</subfield>
		<subfield code="a">النفس (فلسفة)</subfield>
	</datafield>
	<datafield ind1=" " ind2="4" tag="880">
		<subfield code="6">650-09/r</subfield>
		<subfield code="a">الفلسفة الإسلامية.</subfield>
	</datafield>
	<datafield ind1=" " ind2="4" tag="880">
		<subfield code="6">650-10/r</subfield>
		<subfield code="a">الأخلاق الإسلامية.</subfield>
	</datafield>
	<datafield ind1=" " ind2="4" tag="880">
		<subfield code="6">650-11/r</subfield>
		<subfield code="a">النفس (فلسفة)</subfield>
		<subfield code="x">النواحي الدينية</subfield>
		<subfield code="x">الإسلام.</subfield>
	</datafield>
	<datafield ind1=" " ind2="4" tag="880">
		<subfield code="6">650-12/r</subfield>
		<subfield code="a">الإنسان</subfield>
		<subfield code="x">فلسفة.</subfield>
	</datafield>
	<datafield ind1="1" ind2=" " tag="880">
		<subfield code="6">700-13/r</subfield>
		<subfield code="a">انطاكي، عبد المسيح،</subfield>
		<subfield code="e">معد.</subfield>
		<subfield code="4">com.</subfield>
	</datafield>
	<datafield ind1="0" ind2=" " tag="880">
		<subfield code="6">775-14/r</subfield>
		<subfield code="t">الرياض الخزعلية في السياسة الإنسانية.</subfield>
		<subfield code="b">الطبعة الأولى</subfield>
		<subfield code="d">بيروت : الدار العربية للموسوعات، 2013</subfield>
		<subfield code="w">b17670482</subfield>
	</datafield>
	<datafield ind1=" " ind2=" " tag="959">
		<subfield code="a">NNU</subfield>
		<subfield code="b">WEB</subfield>
		<subfield code="c">GENI</subfield>
		<subfield code="t">0</subfield>
		<subfield code="m">Electronic access</subfield>
		<subfield code="s">01</subfield>
	</datafield>
	<datafield ind1=" " ind2=" " tag="999">
		<subfield code="i">LeBAU_b12323457</subfield>
		<subfield code="s">aub_aco000667:v.1</subfield>
		<subfield code="e">(ERROR-880)</subfield>
		<subfield code="s">aub_aco000667:v.1</subfield>
	</datafield>
</record>
